@misc{ball,
  title = {{Wikipedia} n-Ball (mathematics)},
  howpublished = {\url{https://en.wikipedia.org/wiki/Ball_(mathematics)}},
  note = {Accessed: 2021-09-03}
}
@inproceedings{conf/africacrypt/HermansSBVP10,
  added-at = {2020-11-16T00:00:00.000+0100},
  author = {Hermans, Jens and Schneider, Michael and Buchmann, Johannes and Vercauteren, Frederik and Preneel, Bart},
  biburl = {https://www.bibsonomy.org/bibtex/2a01d464fbcb24af2b241a6d8f4b68f4e/dblp},
  booktitle = {AFRICACRYPT},
  crossref = {conf/africacrypt/2010},
  editor = {Bernstein, Daniel J. and Lange, Tanja},
  ee = {https://doi.org/10.1007/978-3-642-12678-9_4},
  interhash = {516ca571ab81958f6e4c4dd7bdedbd26},
  intrahash = {a01d464fbcb24af2b241a6d8f4b68f4e},
  isbn = {978-3-642-12677-2},
  keywords = {dblp},
  pages = {52-68},
  publisher = {Springer},
  series = {Lecture Notes in Computer Science},
  timestamp = {2020-11-17T11:37:39.000+0100},
  title = {Parallel Shortest Lattice Vector Enumeration on Graphics Cards.},
  url = {http://dblp.uni-trier.de/db/conf/africacrypt/africacrypt2010.html#HermansSBVP10},
  volume = 6055,
  year = 2010
}

@article{journals/mp/SchnorrE94,
  added-at = {2018-11-14T00:00:00.000+0100},
  author = {Schnorr, Claus-Peter and Euchner, M.},
  biburl = {https://www.bibsonomy.org/bibtex/2dfd0398a4c228b82536d66aedf50a595/dblp},
  ee = {https://www.wikidata.org/entity/Q57567988},
  interhash = {e0275388a637d80524bfb2c5672faf3f},
  intrahash = {dfd0398a4c228b82536d66aedf50a595},
  journal = {Math. Program.},
  keywords = {dblp},
  pages = {181-199},
  timestamp = {2018-11-15T13:37:27.000+0100},
  title = {Lattice basis reduction: Improved practical algorithms and solving subset sum problems.},
  url = {http://dblp.uni-trier.de/db/journals/mp/mp66.html#SchnorrE94},
  volume = 66,
  year = 1994
}



@article{journals/corr/abs-0705-0965,
  added-at = {2018-08-13T00:00:00.000+0200},
  author = {Hanrot, Guillaume and Stehlé, Damien},
  biburl = {https://www.bibsonomy.org/bibtex/285a76523405b70ceabc8dd1c5629462a/dblp},
  ee = {http://arxiv.org/abs/0705.0965},
  interhash = {1162184b1245c2af5b56855cae0f2c5e},
  intrahash = {85a76523405b70ceabc8dd1c5629462a},
  journal = {CoRR},
  keywords = {dblp},
  timestamp = {2018-08-14T13:48:32.000+0200},
  title = {Improved Analysis of Kannan's Shortest Lattice Vector Algorithm},
  url = {http://dblp.uni-trier.de/db/journals/corr/corr0705.html#abs-0705-0965},
  volume = {abs/0705.0965},
  year = 2007
}

@article{journals/siamcomp/NguyenS09,
  added-at = {2019-07-29T00:00:00.000+0200},
  author = {Nguyen, Phong Q. and Stehlé, Damien},
  biburl = {https://www.bibsonomy.org/bibtex/24fb1b9c6e27b7c00a1444723ec162416/dblp},
  ee = {https://www.wikidata.org/entity/Q64356158},
  interhash = {e43ed07ac68fe8d837c31230f654aa5b},
  intrahash = {4fb1b9c6e27b7c00a1444723ec162416},
  journal = {SIAM J. Comput.},
  keywords = {dblp},
  number = 3,
  pages = {874-903},
  timestamp = {2019-07-30T11:45:26.000+0200},
  title = {An LLL Algorithm with Quadratic Complexity.},
  url = {http://dblp.uni-trier.de/db/journals/siamcomp/siamcomp39.html#NguyenS09},
  volume = 39,
  year = 2009
}



@inproceedings{Ajtai,
author = {Ajtai, Mikl\'{o}s},
title = {The Shortest Vector Problem in L2 is NP-Hard for Randomized Reductions (Extended Abstract)},
year = {1998},
isbn = {0897919629},
publisher = {Association for Computing Machinery},
address = {New York, NY, USA},
url = {https://doi.org/10.1145/276698.276705},
doi = {10.1145/276698.276705},
booktitle = {Proceedings of the Thirtieth Annual ACM Symposium on Theory of Computing},
pages = {10–19},
numpages = {10},
location = {Dallas, Texas, USA},
series = {STOC '98}
}


@article{article,
author = {Schnorr, Claus and Euchner, M.},
year = {1994},
month = {08},
pages = {181-199},
title = {Lattice Basis Reduction: Improved Practical Algorithms and Solving Subset Sum Problems},
volume = {66},
journal = {Mathematical Programming},
doi = {10.1007/BF01581144}
}

@book{10.5555/1721900,
author = {Nguyen, Phong Q. and Valle, Brigitte},
title = {The LLL Algorithm: Survey and Applications},
year = {2009},
isbn = {3642022944},
publisher = {Springer Publishing Company, Incorporated},
edition = {1st}
}

@book{PythonPackaging,
author = {Dane Hillard},
title = {Publishing Python Packages},
year = {2021},
isbn = {9781617299919},
publisher = {MAEP},
edition = {1st}
}

@book{zeroMQHitjens,
author = {Pieter Hintjens},
title = {Zero MQ, Messaging for Many Applications},
year = {2013},
isbn = {9781449334062},
publisher = {O’Reilly Media, Inc., 1005 Gravenstein Highway North, Sebastopol, CA 95472},
edition = {1st}
}

@book{DistributedSystems,
author = {Tanenbaum Andrew S., Maarten van Steen},
title = {Distributed Systems},
year = {2002},
isbn = {9602099240},
publisher = {Pearson Education, Inc. publishing as PRENTICE HALL PTR},
edition = {1st}
}

@book{ConcurentDist,
author = {M. Ben-Ari},
title = {Principles of Concurrent and Distributed Programming},
year = {2018},
isbn = {9789604185917},
publisher = {Pearson Education, Inc.},
edition = {2nd}
}

@book{uAsync,
author = {Caleb Hattingh},
title = {Using Asyncio in Python},
year = {2020},
isbn = {9781492075332},
publisher = {O’Reilly Media, Inc., 1005 Gravenstein Highway North, Sebastopol, CA 95472},
edition = {1st}
}

@book{bCython,
author = {Kurt W. Smith},
title = {Using Asyncio in Python},
year = {2015},
isbn = {9781491901557},
publisher = {O’Reilly Media, Inc., 1005 Gravenstein Highway North, Sebastopol, CA 95472},
edition = {1st}
}


@book{HighPython,
author = {Micha Gorelick, Ian Ozsvald},
title = {High Performance Python},
year = {2014},
isbn = {9781499361594},
publisher = {O’Reilly Media, Inc., 1005 Gravenstein Highway North, Sebastopol, CA 95472},
edition = {1st}
}

@book{DockerInPractise,
author = {Nigel Poulton},
title = {Docker Deep Dive},
year = {2018},
isbn = {9781521822807},
publisher = {Leanpub},
edition = {2nd}
}

@book{DockerDeepDive,
author = {Ian Miel, Aidan Hobson Sayers},
title = {Docker in Pracatise},
year = {2019},
isbn = {9781617294808},
publisher = {Manning Publications Co.,20 Baldwin Road, PO Box 761, Shetler Island, NY 11964},
edition = {2nd}
}

@misc{ openmp08,
    author = {{OpenMP Architecture Review Board}},
    title = {{OpenMP} Application Program Interface Version 3.0},
    month = may,
    year = 2008,
    url = {http://www.openmp.org/mp-documents/spec30.pdf}
}

@misc{asyncIO,
  title = {{AsyncIO} Documentation},
  howpublished = {\url{https://docs.python.org/3/library/asyncio.html}},
  note = {Accessed: 2021-09-06}
}

@unpublished{fplll,
    author = {The {FPLLL} development team},
    title = {{fplll}, a lattice reduction library, {Version}: 5.4.1},
    year = 2021,
    note = {Available at \url{https://github.com/fplll/fplll}},
    url = {https://github.com/fplll/fplll}
}

@book{zeroMQ,
author = {Akgul, Faruk},
title = {ZeroMQ},
year = {2013},
isbn = {178216104X},
publisher = {Packt Publishing}
}

@article{cython,
  title={Cython: The best of both worlds},
  author={Behnel, Stefan and Bradshaw, Robert and Citro, Craig and Dalcin, Lisandro and Seljebotn, Dag Sverre and Smith, Kurt},
  journal={Computing in Science \& Engineering},
  volume={13},
  number={2},
  pages={31--39},
  year={2011},
  publisher={IEEE}
}

@misc{draz,
  title = {{Κ. Α. Δραζιώτης Κρυπτογραφία μετά τους \lt Diffie-Hellman}},
  year = 2019
}

%%%%%%%%%%%%%%%%%%%%%%%%%%%%%%%%%%%%%%%%%%%%%%%%%%%%%%%%%
